% TLS 1.3 draft using static DH keys for auth
@techreport{ietf-tls-semistatic-dh-01,
	number =	{draft-ietf-tls-semistatic-dh-01},
	type =		{Internet-Draft},
	institution =	{Internet Engineering Task Force},
	publisher =	{Internet Engineering Task Force},
	note =		{Work in Progress},
	url =		{https://datatracker.ietf.org/doc/html/draft-ietf-tls-semistatic-dh-01},
        author =	{Eric Rescorla and Nick Sullivan and Christopher A. Wood},
	title =		{{Semi-Static Diffie-Hellman Key Establishment for TLS 1.3}},
	pagetotal =	7,
	year =		2020,
	month =		mar,
	day =		7,
	abstract =	{TLS 1.3 {[}RFC8446{]} specifies a signed Diffie-Hellman exchange modelled after SIGMA {[}SIGMA{]}. This design is suitable for endpoints whose certified credential is a signing key, which is the common situation for current TLS servers. This document describes a mode of TLS 1.3 in which one or both endpoints have a certified DH key which is used to authenticate the exchange. Note to Readers Source for this draft and an issue tracker can be found at https://github.com/ekr/draft-rescorla-tls13-semistatic-dh (https://github.com/ekr/draft-rescorla-tls13-semistatic-dh).},
}

% TLS 1.3 draft using static DH keys for auth -- original non-WG adpoted version
@techreport{rescorla-tls13-semistatic-dh-00,
	number =	{draft-rescorla-tls13-semistatic-dh-00},
	type =		{Internet-Draft},
	institution =	{Internet Engineering Task Force},
	publisher =	{Internet Engineering Task Force},
	note =		{Work in Progress},
	url =		{https://datatracker.ietf.org/doc/html/draft-rescorla-tls13-semistatic-dh-00},
        author =	{Eric Rescorla and Nick Sullivan},
	title =		{{Semi-Static Diffie-Hellman Key Establishment for TLS 1.3}},
	pagetotal =	8,
	year =		2018,
	month =		mar,
	day =		5,
	abstract =	{TLS 1.3 {[}I-D.ietf-tls-tls13{]} specifies a signed Diffie-Hellman exchange modelled after SIGMA {[}SIGMA{]}. This design is suitable for endpoints whose certified credential is a signing key, which is the common situation for current TLS servers. This document describes a mode of TLS 1.3 in which one or both endpoints have a certified DH key which is used to authenticate the exchange.},
}

% eprint report defining OPTLS
@misc{cryptoeprint:2015:978,
    author = {Hugo Krawczyk and Hoeteck Wee},
    title = {The OPTLS Protocol and TLS 1.3},
    howpublished = {Cryptology ePrint Archive, Report 2015/978},
    year = {2015},
    note = {\url{https://eprint.iacr.org/2015/978}},
}

% Conference version of OPTLS eprint report
@inproceedings{DBLP:conf/eurosp/KrawczykW16,
  author    = {Hugo Krawczyk and
               Hoeteck Wee},
  title     = {The {OPTLS} Protocol and {TLS} 1.3},
  booktitle = {{IEEE} European Symposium on Security and Privacy, EuroS{\&}P
               2016, Saarbr{\"{u}}cken, Germany, March 21-24, 2016},
  pages     = {81--96},
  year      = {2016},
  url       = {https://doi.org/10.1109/EuroSP.2016.18},
  doi       = {10.1109/EuroSP.2016.18},
  timestamp = {Wed, 16 Oct 2019 14:14:55 +0200},
  biburl    = {https://dblp.org/rec/conf/eurosp/KrawczykW16.bib},
  bibsource = {dblp computer science bibliography, https://dblp.org}
}

@article{DBLP:journals/iacr/GuilhemFW19,
  author    = {Cyprien Delpech de Saint Guilhem and
               Marc Fischlin and Bogdan Warinschi},
  title      = {Authentication in Key-Exchange: Definitions, Relations and
               Composition},
  journal   = {{IACR} Cryptol. ePrint Arch.},
  volume    = {2019},
  pages     = {1203},
  year      = {2019},
  url       = {https://eprint.iacr.org/2019/1203},
  timestamp = {Mon, 11 May 2020 15:55:54 +0200},
  biburl    = {https://dblp.org/rec/journals/iacr/GuilhemFW19.bib},
  bibsource = {dblp computer science bibliography, https://dblp.org}
}

@inproceedings{DBLP:conf/secsr/BruniJPS18,
  author    = {Alessandro Bruni and Thorvald Sahl J{\o}rgensen and
               Theis Gr{\o}nbech Petersen and Carsten Sch{\"{u}}rmann},
  title     = {Formal Verification of Ephemeral Diffie-Hellman Over {COSE}
                   {(EDHOC)}},
  booktitle = {Security Standardisation Research - 4th International
                   Conference, {SSR} 2018, Darmstadt, Germany, November
                   26-27, 2018, Proceedings},
  pages     = {21--36},
  year      = {2018},
  url       = {https://doi.org/10.1007/978-3-030-04762-7\_2},
  doi       = {10.1007/978-3-030-04762-7\_2},
  timestamp = {Tue, 14 May 2019 10:00:40 +0200},
  biburl    = {https://dblp.org/rec/conf/secsr/BruniJPS18.bib},
  bibsource = {dblp computer science bibliography, https://dblp.org}
}

@inproceedings{DBLP:conf/icse/HendaNP15,
  author    = {Noamen Ben Henda and Karl Norrman and Katharina Pfeffer},
  title     = {Formal Verification of the Security for Dual Connectivity in
                   {LTE}},
  booktitle = {3rd {IEEE/ACM} {FME} Workshop on Formal Methods in Software
                   Engineering, FormaliSE 2015, Florence, Italy, May 18, 2015},
  pages     = {13--19},
  year      = {2015},
  url       = {https://doi.org/10.1109/FormaliSE.2015.10},
  doi       = {10.1109/FormaliSE.2015.10},
  timestamp = {Wed, 16 Oct 2019 14:14:49 +0200},
  biburl    = {https://dblp.org/rec/conf/icse/HendaNP15.bib},
  bibsource = {dblp computer science bibliography, https://dblp.org}
}


